<?xml version="1.0" encoding="utf-8"?>
<record xmlns="http://www.loc.gov/MARC21/slim" xmlns:xsi="http://www.w3.org/2001/XMLSchema-instance" xsi:schemaLocation="http://www.loc.gov/MARC21/slim http://www.loc.gov/standards/marcxml/schema/MARC21slim.xsd">
	<leader>
		01807nam a2200361   4500
	</leader>
	<controlfield tag="001">
		1347533
	</controlfield>
	<controlfield tag="003">
		NjP
	</controlfield>
	<controlfield tag="006">
		m        d        
	</controlfield>
	<controlfield tag="007">
		cr cn |||m|||a
	</controlfield>
	<controlfield tag="008">
		151111s1946    ua      ob    000 0 ara d
	</controlfield>
	<datafield ind1=" " ind2=" " tag="040">
		<subfield code="a">
			NNU
		</subfield>
		<subfield code="b">
			eng
		</subfield>
		<subfield code="e">
			rda
		</subfield>
		<subfield code="c">
			NNU
		</subfield>
	</datafield>
	<datafield ind1="1" ind2=" " tag="100">
		<subfield code="a">
			Jurjānī, ʻAbd al-Qāhir ibn ʻAbd al-Raḥmān,
		</subfield>
		<subfield code="d">
			-1078?
		</subfield>
	</datafield>
	<datafield ind1="1" ind2="0" tag="245">
		<subfield code="a">
			Dalāʼil al-iʻjāz fī ʻilm al-maʻānī /
		</subfield>
		<subfield code="c">
			taʼlīf ʻAbd al-Qāhir al-Jurjānī ; ṣaḥḥaḥa aṣlahu Muḥammad ʻAbduh wa-waqafa ʻalá taṣḥīḥ ṭabʻihi wa-ʻallaqa ḥawāshiyahu Muḥammad Rashīd Riḍā.
		</subfield>
	</datafield>
	<datafield ind1=" " ind2=" " tag="250">
		<subfield code="a">
			al-Ṭabʻah 3.
		</subfield>
	</datafield>
	<datafield ind1=" " ind2=" " tag="260">
		<subfield code="a">
			Miṣr :
		</subfield>
		<subfield code="b">
			Dār al-Manār,
		</subfield>
		<subfield code="c">
			1366 [1946 or 1947]
		</subfield>
	</datafield>
	<datafield ind1=" " ind2=" " tag="300">
		<subfield code="a">
			online resource (16, 428 pages)
		</subfield>
	</datafield>
	<datafield ind1=" " ind2=" " tag="336">
		<subfield code="a">
			text
		</subfield>
		<subfield code="2">
			rdacontent
		</subfield>
	</datafield>
	<datafield ind1=" " ind2=" " tag="337">
		<subfield code="a">
			computer
		</subfield>
		<subfield code="2">
			rdamedia
		</subfield>
	</datafield>
	<datafield ind1=" " ind2=" " tag="338">
		<subfield code="a">
			online resource
		</subfield>
		<subfield code="2">
			rdacarrier
		</subfield>
	</datafield>
	<datafield ind1=" " ind2=" " tag="500">
		<subfield code="a">
			Part of the Arabic Collections Online (ACO) project, contributed by Princeton University Libraries.
		</subfield>
	</datafield>
	<datafield ind1=" " ind2=" " tag="504">
		<subfield code="a">
			Includes bibliographical references.
		</subfield>
	</datafield>
	<datafield ind1=" " ind2=" " tag="533">
		<subfield code="a">
			Electronic reproduction.
		</subfield>
		<subfield code="b">
			New York, N.Y. :
		</subfield>
		<subfield code="c">
			New York University,
		</subfield>
		<subfield code="d">
			2015.
		</subfield>
		<subfield code="5">
			NNU
		</subfield>
	</datafield>
	<datafield ind1=" " ind2="0" tag="650">
		<subfield code="a">
			Arabic language
		</subfield>
		<subfield code="x">
			Rhetoric
		</subfield>
		<subfield code="v">
			Early works to 1800.
		</subfield>
	</datafield>
	<datafield ind1=" " ind2="7" tag="650">
		<subfield code="a">
			Arabic language
		</subfield>
		<subfield code="x">
			Rhetoric.
		</subfield>
		<subfield code="2">
			fast
		</subfield>
		<subfield code="0">
			(OCoLC)fst00812415
		</subfield>
	</datafield>
	<datafield ind1=" " ind2="7" tag="655">
		<subfield code="a">
			Early works.
		</subfield>
		<subfield code="2">
			fast
		</subfield>
		<subfield code="0">
			(OCoLC)fst01411636
		</subfield>
	</datafield>
	<datafield ind1="0" ind2=" " tag="700">
		<subfield code="a">
			Muḥammad ʻAbduh,
		</subfield>
		<subfield code="d">
			1849-1905.
		</subfield>
	</datafield>
	<datafield ind1="0" ind2=" " tag="700">
		<subfield code="a">
			Muḥammad Rashīd Riḍā.
		</subfield>
	</datafield>
	<datafield ind1="2" ind2=" " tag="710">
		<subfield code="a">
			Princeton University.
		</subfield>
		<subfield code="b">
			Library.
		</subfield>
	</datafield>
	<datafield ind1="0" ind2=" " tag="730">
		<subfield code="a">
			Arabic Collections Online.
		</subfield>
	</datafield>
	<datafield ind1="0" ind2="8" tag="776">
		<subfield code="i">
			Print version:
		</subfield>
		<subfield code="a">
			Jurjānī, ʻAbd al-Qāhir ibn ʻAbd al-Raḥmān, -1078?
		</subfield>
		<subfield code="t">
			Dalāʼil al-iʻjāz fī ʻilm al-maʻānī
		</subfield>
		<subfield code="w">
			(NjP)1347533
		</subfield>
		<subfield code="w">
			(OCoLC)33995588
		</subfield>
	</datafield>
	<datafield ind1="4" ind2="0" tag="856">
		<subfield code="u">
			http://hdl.handle.net/2333.1/wstqjt22
		</subfield>
	</datafield>
	<datafield ind1=" " ind2=" " tag="959">
		<subfield code="a">
			NNU
		</subfield>
		<subfield code="b">
			WEB
		</subfield>
		<subfield code="c">
			GENI
		</subfield>
		<subfield code="t">
			0
		</subfield>
		<subfield code="m">
			Electronic access
		</subfield>
		<subfield code="s">
			01
		</subfield>
	</datafield>
	<datafield ind1=" " ind2=" " tag="999">
		<subfield code="i">
			NjP_1347533
		</subfield>
		<subfield code="o">
			(OCoLC)ocm33995588 
		</subfield>
		<subfield code="s">
			princeton_aco000101
		</subfield>
		<subfield code="e">
			(ERROR-880)
		</subfield>
	</datafield>
</record>
